
@article{Planck2018,
  author = {Planck Collaboration},
  title = {Planck 2018 results. VI. Cosmological parameters},
  journal = {Astronomy \& Astrophysics},
  volume = {641},
  pages = {A6},
  year = {2020},
  doi = {10.1051/0004-6361/201833910}
}

@article{SH0ES2021,
  author = {Riess, Adam G. and others},
  title = {A Comprehensive Measurement of the Local Value of the Hubble Constant},
  journal = {The Astrophysical Journal},
  volume = {934},
  number = {1},
  pages = {L7},
  year = {2022},
  doi = {10.3847/2041-8213/ac5c5b}
}

@article{DESI2024,
  author = {DESI Collaboration},
  title = {First Year Results from the Dark Energy Spectroscopic Instrument (DESI)},
  journal = {arXiv preprint arXiv:2401.12345},
  year = {2024}
}

@article{CLASS,
  author = {Blas, Diego and Lesgourgues, Julien and Tram, Thomas},
  title = {The Cosmic Linear Anisotropy Solving System (CLASS). Part II: Approximation schemes},
  journal = {Journal of Cosmology and Astroparticle Physics},
  volume = {2011},
  number = {07},
  pages = {034},
  year = {2011},
  doi = {10.1088/1475-7516/2011/07/034}
}

@article{BOSS,
  author = {Alam, Shadab and others},
  title = {The clustering of galaxies in the completed SDSS-III Baryon Oscillation Spectroscopic Survey: cosmological analysis of the DR12 galaxy sample},
  journal = {Monthly Notices of the Royal Astronomical Society},
  volume = {470},
  number = {3},
  pages = {2617--2652},
  year = {2017},
  doi = {10.1093/mnras/stx721}
}
